<record><leader>00000cas a2200000 a 4500</leader><controlfield tag="001">12753234</controlfield><controlfield tag="008">851102d19701971hiumr ne      0    0eng d</controlfield><datafield ind1=" " ind2=" " tag="010"><subfield code="a">sn 85047269 </subfield></datafield><datafield ind1=" " ind2=" " tag="040"><subfield code="a">HUH</subfield><subfield code="b">eng</subfield><subfield code="c">HUH</subfield><subfield code="d">HWN</subfield><subfield code="d">OCL</subfield><subfield code="d">OCLCQ</subfield><subfield code="d">OCLCF</subfield><subfield code="d">OCLCO</subfield></datafield><datafield ind1="1" ind2=" " tag="029"><subfield code="a">AU@</subfield><subfield code="b">000022168382</subfield></datafield><datafield ind1=" " ind2=" " tag="042"><subfield code="a">msc</subfield></datafield><datafield ind1=" " ind2=" " tag="043"><subfield code="a">n-us-hi</subfield></datafield><datafield ind1=" " ind2=" " tag="090"><subfield code="a">AN2</subfield><subfield code="b">.H32</subfield></datafield><datafield ind1="0" ind2="4" tag="245"><subfield code="a">The Hawaii harpoon.</subfield></datafield><datafield ind1=" " ind2=" " tag="260"><subfield code="a">Holualoa, Hawaii :</subfield><subfield code="b">L.R. Ketchum,</subfield><subfield code="c">1970-1971.</subfield></datafield><datafield ind1=" " ind2=" " tag="300"><subfield code="a">1 v. :</subfield><subfield code="b">ill. ;</subfield><subfield code="c">38-41 cm.</subfield></datafield><datafield ind1=" " ind2=" " tag="310"><subfield code="a">Monthly</subfield></datafield><datafield ind1="0" ind2=" " tag="362"><subfield code="a">Vol. 1, no. 1 (Dec. 1970)-v. 1, no. 8 (July 1971).</subfield></datafield><datafield ind1=" " ind2=" " tag="500"><subfield code="a">Published &lt;Apr.&gt; 1971- in Kealakekua, Hawaii.</subfield></datafield><datafield ind1=" " ind2=" " tag="515"><subfield code="a">Apr. 1971 issue called v. 2, no. 4, but constitutes v. 1, no. 4.</subfield></datafield><datafield ind1=" " ind2="0" tag="651"><subfield code="a">Hawaii Island (Hawaii)</subfield><subfield code="v">Periodicals.</subfield></datafield><datafield ind1=" " ind2="7" tag="655"><subfield code="a">Periodicals.</subfield><subfield code="2">fast</subfield><subfield code="0">(OCoLC)fst01411641</subfield></datafield><datafield ind1=" " ind2="7" tag="651"><subfield code="a">Hawaii</subfield><subfield code="z">Hawaii Island.</subfield><subfield code="2">fast</subfield><subfield code="0">(OCoLC)fst01213101</subfield></datafield><datafield ind1=" " ind2=" " tag="752"><subfield code="a">United States</subfield><subfield code="b">Hawaii</subfield><subfield code="c">Hawaii</subfield><subfield code="d">Holualoa.</subfield></datafield><datafield ind1=" " ind2=" " tag="752"><subfield code="a">United States</subfield><subfield code="b">Hawaii</subfield><subfield code="c">Hawaii</subfield><subfield code="d">Kealakekua.</subfield></datafield></record>